@legislation{fema,
  title =        {Foreign Exchange Management Act 1999},
  shorttitle =   {FEMA},
  year =         {1999}
}

@legislation{fema_deposit,
  title =        {Foreign Exchange Management (Deposit) Regulations 2000},
  shorttitle =   {FEM (Deposit) Regulations},
  year =         {2000}
}

@legislation{fema20,
  title =        {Foreign Exchange Management (Transfer or Issue of Security by a Person Resident Outside India) Regulations 2000},
  shorttitle =   {FEMA 20},
  year =         {2000}
}

@legislation{fema120,
title = {Foreign Exchange Management (Transfer or Issue of any Foreign Security) Regulations, 2004},
shorttitle = {FEMA 120},
year = {2004}
}

@legislation{masterDirection120,
title = {Master Direction on Direct Investment by
  Residents in Joint Venture (JV) / Wholly Owned Subsidiary (WOS)
  Abroad},
shorttitle = {Master Direction on FEMA120},
date = {2016-01-01}
}

@legislation{masterCircularMiscRemittances,
title = {Master Circular on Miscellaneous
  Remittances from India},
date = {2016-01-07}
}

@report{taraporeCommittee,
title = {Report of the Committee on
Fuller Capital Account Convertibility},
shortauthor = {Tarapore Committee},
date = {2006-07-31}
}

@report{wgfi,
title = {Report of the Working Group on Foreign Investment},
shortauthor = {U.K.Sina Committee},
date = {2010-07-30}
}

@report{raghuramRajan,
title = {Report of the Committee on Financial Sector Reform},
shortauthor = {Raghuram Rajan Committee},
date = {2008-09-12}
}

@report{fslrc,
title = {Report of the Financial Sector Legislative Reforms Commission},
shortauthor = {Justice B.N.Srikrishna Commission},
date = {2013-03-22}
}

@techreport{imf_capitalOutflows,
title = {Liberalizing Capital Flows and Managing
  Outflows},
shortauthor = {IMF},
date = {2012-03-12}
}